@book{icdesign2017,
  title={IC Design Insights: From Selected Presentations at CICC 2017},
  author={Sheikholeslami, A. and Wang, Y. and Van der Spiegel, J.},
  isbn={9788770220491},
  series={Tutorials in Circuits and Systems Series},
  url={https://books.google.com.br/books?id=36rvvQEACAAJ},
  year={2019},
  publisher={River Publishers}
},

@book{recarregadorPossa2006,
    author = {Possa, Paulo and Passold, Fernando},
    year = {2006},
    month = {09},
    pages = {6},
    title = {Recarregador inteligente de baterias}
},

@book{li-ion-wireless2015,
  author={Kim, Bong-Chul and Kim, Ki-Young and Ramachandra, Sanoop and Khandelwal, Ashish and Lee, Byoung-Hee},
  booktitle={2015 IEEE Energy Conversion Congress and Exposition (ECCE)}, 
  title={Wireless lithium-ion battery charging platform with adaptive multi-phase rapid-charging strategy}, 
  year={2015},
  volume={},
  number={},
  pages={3087-3091},
  doi={10.1109/ECCE.2015.7310092}
},

@book{wu2020integrated,
  title={An integrated multimode battery charger in a Qi compliant wireless power receiver},
  author={Wu, Chubin and Zhang, Zhang and Cheng, Xin and Xie, Guangjun},
  journal={Analog Integrated Circuits and Signal Processing},
  pages={1--10},
  year={2020},
  publisher={Springer}
},

@book{fiori2018design,
  title={Design of a Switched-Capacitor Step-Down Converter},
  author={Fiori, Franco and Ferilli, Francesco},
  year={2018}
},

@book{twostageAnapaula2015,  author={Matos Gomes, Ana Paula and De Carvalho Gomes, Evandro and Miranda, Reginaldo Sousa},  booktitle={2015 IEEE 13th Brazilian Power Electronics Conference and 1st Southern Power Electronics Conference (COBEP/SPEC)},   title={Two-stage switched-capacitor dc-dc buck converter},   year={2015},  volume={},  number={},  pages={1-4},  doi={10.1109/COBEP.2015.7420286}},

@book{wearable2016,
author = {Kilani, Dima and Alhawari, Mohammad and Mohammad, Baker and Saleh, Hani and Ismail, Mohammed},
year = {2016},
month = {10},
pages = {1557-1566},
title = {An Efficient Switched-Capacitor DC-DC Buck Converter for Self-Powered Wearable Electronics},
volume = {63},
journal = {Circuits and Systems I: Regular Papers, IEEE Transactions on},
doi = {10.1109/TCSI.2016.2586117}
}


@book{overviewKiran2021,
AUTHOR = {Kiran Kumar, G and Kobaku, Tarakanath and Sahoo, Subham and Subudhi, Bidyadhar and Elangovan, Devaraj and Blaabjerg, Frede},
TITLE = {An Overview of Fully Integrated Switching Power Converters Based on Switched-Capacitor versus Inductive Approach and Their Advanced Control Aspects},
JOURNAL = {Energies},
VOLUME = {14},
YEAR = {2021},
NUMBER = {11},
book-NUMBER = {3250},
URL = {https://www.mdpi.com/1996-1073/14/11/3250},
ISSN = {1996-1073},
}


@book{a678mhz2020,
  author={Cheng, Lin and Ge, Xinyuan and Ng, Wai Chiu and Ki, Wing-Hung and Zheng, Jiawei and Kwok, Tsz Fai and Tsui, Chi-Ying and Liu, Ming},
  journal={IEEE Journal of Solid-State Circuits}, 
  title={A 6.78-MHz Single-Stage Wireless Charger With Constant-Current Constant-Voltage Charging Technique}, 
  year={2020},
  volume={55},
  number={4},
  pages={999-1010},
  doi={10.1109/JSSC.2019.2961852}}